<record><leader>00000cas a22000007a 4500</leader><controlfield tag="001">14688191</controlfield><controlfield tag="008">861107d19071916paudn ne      0    0eng d</controlfield><datafield ind1=" " ind2=" " tag="010"><subfield code="a">sn 86081967 </subfield></datafield><datafield ind1=" " ind2=" " tag="040"><subfield code="a">NPH</subfield><subfield code="b">eng</subfield><subfield code="c">NPH</subfield><subfield code="d">OCLCQ</subfield></datafield><datafield ind1=" " ind2=" " tag="042"><subfield code="a">msc</subfield></datafield><datafield ind1="0" ind2=" " tag="130"><subfield code="a">Daily new era (Huntingdon, Pa.)</subfield></datafield><datafield ind1="1" ind2="4" tag="245"><subfield code="a">The daily new era.</subfield></datafield><datafield ind1="1" ind2="3" tag="246"><subfield code="a">New era journal</subfield></datafield><datafield ind1=" " ind2=" " tag="260"><subfield code="a">Huntingdon, Pa. :</subfield><subfield code="b">New Era Pub. Co.,</subfield><subfield code="c">1907-</subfield></datafield><datafield ind1=" " ind2=" " tag="300"><subfield code="a">v. :</subfield><subfield code="b">ill. ;</subfield><subfield code="c">54 cm.</subfield></datafield><datafield ind1=" " ind2=" " tag="310"><subfield code="a">Daily (except Sunday)</subfield></datafield><datafield ind1="0" ind2=" " tag="362"><subfield code="a">Vol. 1, no. 1 (Apr. 1, 1907)-</subfield></datafield><datafield ind1="1" ind2=" " tag="362"><subfield code="a">Ceased in Dec. 1916?</subfield></datafield><datafield ind1=" " ind2=" " tag="500"><subfield code="a">Editor: J.I. Johnson.</subfield></datafield><datafield ind1=" " ind2=" " tag="580"><subfield code="a">Also issued in a weekly edition called: New era journal.</subfield></datafield><datafield ind1=" " ind2=" " tag="752"><subfield code="a">United States</subfield><subfield code="b">Pennsylvania</subfield><subfield code="c">Huntingdon</subfield><subfield code="d">Huntingdon.</subfield></datafield><datafield ind1="1" ind2=" " tag="775"><subfield code="t">New era journal</subfield><subfield code="w">(DLC)sn 86081969</subfield></datafield><datafield ind1="0" ind2="0" tag="785"><subfield code="t">Evening journal and the daily new era</subfield><subfield code="w">(DLC)sn 86081968</subfield></datafield><datafield ind1="1" ind2=" " tag="029"><subfield code="a">AU@</subfield><subfield code="b">000025818458</subfield></datafield></record>